<?xml version="1.0" encoding="UTF-8"?><collection><record><leader>05824ntm a2200553 a 4500</leader><controlfield tag="001">006834427</controlfield><controlfield tag="003">MiAaHDL</controlfield><controlfield tag="005">20190719000000.0</controlfield><controlfield tag="006">m        d        </controlfield><controlfield tag="007">cr bn ---auaua</controlfield><controlfield tag="008">090706s17uu    xx            00| ||ara d</controlfield><datafield tag="035" ind1=" " ind2=" "><subfield code="a">(MiU)006834427</subfield></datafield><datafield tag="035" ind1=" " ind2=" "><subfield code="a">sdr-miu006834427</subfield></datafield><datafield tag="040" ind1=" " ind2=" "><subfield code="a">MiU</subfield><subfield code="c">MiU</subfield><subfield code="e">amremm</subfield></datafield><datafield tag="043" ind1=" " ind2=" "><subfield code="a">n-us-mi</subfield></datafield><datafield tag="100" ind1="1" ind2=" "><subfield code="6">880-01</subfield><subfield code="a">Qarabāghī, Yūsuf,</subfield><subfield code="d">active 17th century.</subfield></datafield><datafield tag="245" ind1="1" ind2="0"><subfield code="6">880-03</subfield><subfield code="a">Ḥāshiyat Yūsuf al-Qarabāghī ʻalá Sharḥ ʻAqāʼid Mullā Jalāl,</subfield><subfield code="f">[18th century?].</subfield></datafield><datafield tag="260" ind1=" " ind2=" "><subfield code="c">[17--?].</subfield></datafield><datafield tag="300" ind1=" " ind2=" "><subfield code="a">144 leaves :</subfield><subfield code="b">paper ;</subfield><subfield code="c">244 x 140 (160 x 75) mm.</subfield></datafield><datafield tag="500" ind1=" " ind2=" "><subfield code="a">Shelfmark: Ann Arbor, University of Michigan, Special Collections Library, Isl. Ms. 1027</subfield></datafield><datafield tag="500" ind1=" " ind2=" "><subfield code="a">Origin: As appears in colophon on p.310, copied by Qāsim Bīk [Beg] ibn ʻĀdil Bīk [Beg]. Date of transcription note specified though excerpt in a different hand on back flyleaf (p.311) is dated 122- [?] [1806-1814?, final numeral unclear] which may provide a rough terminus ante quem of 1814. Paper, etc. may suggest late 17th or 18th century.</subfield></datafield><datafield tag="500" ind1=" " ind2=" "><subfield code="a">Accompanying materials: a. Two inserts carrying glosses (paginated pp.7-8, 155-156) -- b. Slip with Qurʼānic excerpts, etc. (between pp.100-101).</subfield></datafield><datafield tag="500" ind1=" " ind2=" "><subfield code="a">Former shelfmark: Mich. Isl. Ms. temp. no. 176</subfield></datafield><datafield tag="500" ind1=" " ind2=" "><subfield code="a">Binding: Pasteboards faced in block-printed paper (in bands of overlapping red and blue triangles alternating with bands of yellow) with red leather over spine and edges / turn-ins (decorative paper faced, leather edged, framed binding) ; Type III binding (without flap), possibly two-piece binding (seam partly visible at spine) ; lower board lining in untinted wove paper ; sewn in cream thread, two stations ; overall in somewhat poor condition with upper cover entirely lost, staining, abrasion, etc. ; housed in box for protection.</subfield></datafield><datafield tag="500" ind1=" " ind2=" "><subfield code="a">Support: non-European laid paper with roughly 6 laid lines per cm. (horizontal, fairly distinct, somewhat wavy) and no chain lines plainly visible, quite thin, transluscent and crisp (in latter quires near tissue weight) though sturdy, quite well-sized and burnished to glossy ; replacement leaf (carrying 'title page' and incipit page) in European laid paper with watermark of arms with three stars above three mounts with crown above.</subfield></datafield><datafield tag="500" ind1=" " ind2=" "><subfield code="a">Decoration: Keywords rubricated ; overlining in red.</subfield></datafield><datafield tag="500" ind1=" " ind2=" "><subfield code="a">Script: Nastaʻlīq ; large, bold Persianate hand, in a heavy line ; mainly serifless with slight effect of words descending to baseline, elongation of horizontal strokes, pointing somewhat careless and mainly in conjoined dots (for two and three dots), bowl of final nūn especially large and prominant, alif lām of definite article often assimilated, partially vocalized.</subfield></datafield><datafield tag="500" ind1=" " ind2=" "><subfield code="a">Layout: Written in 17 lines per page ; frame-ruled (impression of ruling board visible).</subfield></datafield><datafield tag="500" ind1=" " ind2=" "><subfield code="a">Collation: IV+2 (10), 5 IV(50), III (56), 11 IV(144), i ; almost exclusively quaternions ; middle of the quire marks in the form of double stroke looking like elongated "۷" typically on the left-hand leaf ; catchwords present ; pagination in pencil, Western numerals, supplied during digitization (includes inserts and back flyleaf and skips ahead twenty pages following p.171 with p.192).</subfield></datafield><datafield tag="500" ind1=" " ind2=" "><subfield code="a">Colophon: "Scribal," reads "وانتهى كتابة نسخة المولوي اخوند ملا يوسف في يد الغريق في بحر العصيان قاسم بيك ابن عادل بيك اللهم ثقل ميزانهما وميزان جميع الله محمد صلعم"</subfield></datafield><datafield tag="500" ind1=" " ind2=" "><subfield code="a">Explicit: "هذا اول ما صنفته على اخر ما صنفت العلامة الدواني "</subfield></datafield><datafield tag="500" ind1=" " ind2=" "><subfield code="a">Incipit: "كيف لا احمد وكيف احمد لمن لم يخزنا مما عصينا ولم يخزنا بما نسينا ... وبعد فيقول الاحوج من الاحوج الذي لا خيره برحي ... ابن محمد خان القراباغي محمد الشاهي ... يوسف ... لما كان علم الكلام علما باحثا ... وكان شرح العقائد العضدية للعلامة ... جلال الحق والملة والدين محمد ابن اسعد الصديق الدواني ... مشتملا على غرر الفوائد ..."</subfield></datafield><datafield tag="500" ind1=" " ind2=" "><subfield code="a">Title from inscription at close on p.310.</subfield></datafield><datafield tag="500" ind1=" " ind2=" "><subfield code="a">Ms. codex.</subfield></datafield><datafield tag="510" ind1="4" ind2=" "><subfield code="a">Ḥājjī Khalīfah. Kashf al-ẓunūn,</subfield><subfield code="c">2/1144</subfield></datafield><datafield tag="510" ind1="4" ind2=" "><subfield code="a">Brockelmann, C. GAL,</subfield><subfield code="c">II 209 (VII. cmtre. 1 gloss b.) ; S II 291</subfield></datafield><datafield tag="520" ind1="8" ind2=" "><subfield code="a">Careful copy of the gloss by Yūsuf ibn Muḥammad Khān al-Qarabāghī (al-Qarahʹbāghī) upon the commentary of Jalāl al-Dīn Muḥammad ibn Asʻad al-Dawwānī (d.1512 or 3) on the ʻAqāʼid of ʻAḍud al-Dīn ʻAbd al-Raḥmān ibn Aḥmad al-Ījī (d. 756/1355).</subfield></datafield><datafield tag="538" ind1=" " ind2=" "><subfield code="a">Mode of access: Internet.</subfield></datafield><datafield tag="541" ind1=" " ind2=" "><subfield code="c">Purchase ;</subfield><subfield code="a">Purchased in Egypt by Mr. Sulaiman ;</subfield><subfield code="d">Received: 1968 ;</subfield><subfield code="e">(Sulaiman 690713-156)</subfield></datafield><datafield tag="546" ind1=" " ind2=" "><subfield code="a">Arabic.</subfield></datafield><datafield tag="561" ind1=" " ind2=" "><subfield code="a">UM inscription on 'title page' (p.1) "Spec. Coll. Lib. 690713-156 Sulaiman 1968" ; numerous glosses and marginal corrections ; notes on back leaf (p.312) dated 1246 [1830-31].</subfield></datafield><datafield tag="600" ind1="1" ind2="0"><subfield code="a">Dawwānī, Muḥammad ibn Asʻad,</subfield><subfield code="d">1426 or 7-1512 or 13.</subfield><subfield code="t">Sharḥ al-ʻAqāʼid al-ʻAḍudīyah.</subfield></datafield><datafield tag="650" ind1=" " ind2="0"><subfield code="a">Manuscripts, Arabic</subfield><subfield code="z">Michigan</subfield><subfield code="z">Ann Arbor.</subfield></datafield><datafield tag="650" ind1=" " ind2="0"><subfield code="a">Islam</subfield><subfield code="x">Doctrines</subfield><subfield code="v">Early works to 1800.</subfield></datafield><datafield tag="700" ind1="0" ind2=" "><subfield code="6">880-05</subfield><subfield code="a">Qāsim Bīk ibn ʻĀdil Bīk,</subfield><subfield code="e">scribe.</subfield></datafield><datafield tag="773" ind1="0" ind2=" "><subfield code="a">Sulaiman Purchase Collection.</subfield></datafield><datafield tag="880" ind1="0" ind2=" "><subfield code="6">700-05/</subfield><subfield code="a">قاسم بيك ابن عادل بيك,</subfield><subfield code="e">ناسخ.</subfield></datafield><datafield tag="880" ind1="1" ind2="0"><subfield code="6">245-03/</subfield><subfield code="a">حاشية يوسف القرباغي على شرح عقائد ملا جلال,</subfield><subfield code="f">[القرن 18م؟].</subfield></datafield><datafield tag="880" ind1="1" ind2=" "><subfield code="6">100-01/</subfield><subfield code="a">قرباغي, يوسف.</subfield></datafield><datafield tag="CID" ind1=" " ind2=" "><subfield code="a">006834427</subfield></datafield><datafield tag="DAT" ind1="0" ind2=" "><subfield code="a">20190719102641.0</subfield><subfield code="b">20190719000000.0</subfield></datafield><datafield tag="DAT" ind1="1" ind2=" "><subfield code="a">20190719090653.0</subfield><subfield code="b">2019-07-19T16:12:11Z</subfield></datafield><datafield tag="DAT" ind1="2" ind2=" "><subfield code="a">2015-10-02T18:00:03Z</subfield></datafield><datafield tag="CAT" ind1=" " ind2=" "><subfield code="a">SDR-MIU</subfield><subfield code="d">EX LIBRIS - ALEPH</subfield><subfield code="l">prepare.pl-004-008</subfield></datafield><datafield tag="FMT" ind1=" " ind2=" "><subfield code="a">BK</subfield></datafield><datafield tag="HOL" ind1=" " ind2=" "><subfield code="0">sdr-miu006834427</subfield><subfield code="a">MiU</subfield><subfield code="b">SDR</subfield><subfield code="c">MIU</subfield><subfield code="p">mdp.39015079132141</subfield><subfield code="s">MIU</subfield><subfield code="1">006834427</subfield></datafield><datafield tag="974" ind1=" " ind2=" "><subfield code="b">MIU</subfield><subfield code="c">MIU</subfield><subfield code="d">20190719</subfield><subfield code="s">lit-dlps-dc</subfield><subfield code="u">mdp.39015079132141</subfield><subfield code="y">1799</subfield><subfield code="r">pd</subfield><subfield code="q">bib</subfield><subfield code="t">non-US bib date1 &lt; 1879</subfield></datafield></record></collection>